@book{cormen,
	author = {Cormen, Thomas H. and Leiserson, Charles E. and Rivest, Ronald L. and Stein, Clifford},
	title = {Introduction to Algorithms, Third Edition},
	year = {2009},
	isbn = {0262033844, 9780262033848},
	edition = {3rd},
	publisher = {The MIT Press},
}

@mastersthesis{wild,
	author = {Sebastian Wild},
	title = {Java 7's Dual Pivot Quicksort},
	type = {Master's Thesis},
	school = {Technische Universitat Kaiserslautern},
	date = {2013},
	pages = {171},
	url = {https://kluedo.ub.uni-kl.de/frontdoor/index/index/docId/3463},
	year = {2013},
}

@misc{codeblocks,
	author = {Code:Blocks},
	ALTeditor = {editor},
	title = {Code::Blocks},
	date = {},
	howpublished = {https://www.codeblocks.org/},
	OPTsubtitle = {subtitle},
	OPTtitleaddon = {titleaddon},
	OPTlanguage = {language},
	OPTversion = {version},
	note = {Acessado em: 11-06-2016},
	OPTorganization = {organization},
	OPTdate = {date},
	month = {june},
	year = {2016},
	OPTaddendum = {addendum},
	OPTpubstate = {pubstate},
	OPTurldate = {urldate},
}

@misc{mingw,
	author = {Mingw},
	ALTeditor = {editor},
	title = {Mingw},
	date = {},
	howpublished = {https://www.mingw.org/},
	OPTsubtitle = {subtitle},
	OPTtitleaddon = {titleaddon},
	OPTlanguage = {language},
	OPTversion = {version},
	note = {Acessado em: 11-06-2016},
	OPTorganization = {organization},
	OPTdate = {date},
	month = {june},
	year = {2009},
	OPTaddendum = {addendum},
	OPTpubstate = {pubstate},
	OPTurldate = {urldate},
}



@misc{windows,
	author = {Microsoft},
	ALTeditor = {editor},
	title = {Windows 10},
	date = {},
	howpublished = {https://www.microsoft.com/pt-br/windows/},
	OPTsubtitle = {subtitle},
	OPTtitleaddon = {titleaddon},
	OPTlanguage = {language},
	OPTversion = {version},
	note = {Acessado em: 11-06-2016},
	OPTorganization = {organization},
	OPTdate = {date},
	month = {june},
	year = {2015},
	OPTaddendum = {addendum},
	OPTpubstate = {pubstate},
	urldate = {11-06-2016},
}

@article{hoare,
	author = {Hoare, C. A. R.},
	title = {Algorithm 64: Quicksort},
	journal = {Commun. ACM},
	issue_date = {July 1961},
	volume = {4},
	number = {7},
	month = jul,
	year = {1961},
	issn = {0001-0782},
	pages = {321--},
	url = {http://doi.acm.org/10.1145/366622.366644},
	doi = {10.1145/366622.366644},
	acmid = {366644},
	publisher = {ACM},
	address = {New York, NY, USA},
} 

@book{baase,
	title = "Computer algorithms : introduction to design and analysis",
	author = "Baase, Sara",
	series = "Addison-Wesley series in computer science",
	publisher = "Addison-Wesley",
	address = "Reading Mass",
	url = "http://opac.inria.fr/record=b1079786",
	isbn = "0-201-06035-3",
	year = 1988
}

